@article{Helbing,
author = {Helbing, Dirk and Farkas, Illés and Vicsek, Tamás},
year = {2000},
month = {09},
pages = {487-490},
title = {Simulating Dynamic Features of Escape Panic},
volume = {407},
journal = {Nature},
doi = {10.1038/35035023}
}
@phdthesis{Wang,
author = {Wang, Peng},
year = {2016},
month = {05},
pages = {},
title = {Understanding Social-Force Model in Psychological Principles of Collective Behavior}
}